2239 2885
68 863 312 952 Nullam
354 919 386 950 a
421 902 784 951 Grammaticis
829 903 1059 979 regulam
1098 902 1258 959 tradi,
1315 918 1417 965 qua
1455 902 1784 951 substantiva
1828 911 1882 950 et
1923 904 2007 952 ad-

58 972 253 1032 J'ectiva
286 970 669 1026 discernantur,
694 1014 697 1017 Α
722 970 893 1016 minus
936 969 1142 1032 peritis
1163 969 1353 1016 mirum
1395 969 1635 1016 videatur
1669 984 1882 1016 necesse
1918 980 2008 1027 est,

64 1039 110 1085 si
139 1037 497 1100 reputaverint
528 1035 585 1082 id
620 1036 769 1098 quasi
805 1035 973 1083 solum
1008 1042 1061 1082 et
1094 1027 1492 1083 fundamentum
1527 1050 1640 1083 esse
1676 1038 1804 1084 artis
1826 1035 2008 1084 Gram-

63 1104 308 1161 maticae3
358 1102 644 1151 accuratius
695 1102 784 1165 qui
823 1115 935 1151 rem
983 1102 1277 1162 cognorint,
1334 1102 1547 1150 omnino
1579 1103 1739 1150 talem
1776 1104 2010 1166 regulam

63 1169 200 1217 tradi
228 1183 384 1232 posse
420 1168 784 1231 desperabunt.
852 1168 1000 1216 Adeo
1042 1169 1196 1216 facile
1234 1183 1310 1226 ,ex
1343 1168 1586 1231 epithetis
1619 1170 1750 1217 fiunt
1778 1171 2009 1233 appella-

62 1238 189 1294 tiva,
225 1234 356 1283 adeo
388 1234 673 1283 indiscreta
704 1242 783 1283 est
813 1235 1197 1297 primitivorum
1235 1242 1287 1282 et
1321 1234 1672 1283 derivatorum
1700 1236 2009 1293 similitudo,

63 1301 194 1349 adeo
230 1303 336 1349 late
369 1309 514 1363 patet
546 1303 901 1362 metonymiae
935 1315 1075 1359 usus,
1110 1309 1170 1347 ut
1196 1302 1400 1363 singula
1436 1302 1727 1349 discernere
1754 1304 2009 1350 stultitiae

61 1384 226 1431 prope
278 1366 449 1416 videri
498 1369 683 1446 possit.
779 1367 973 1416 Verum
1024 1375 1202 1415 tamen
1258 1367 1542 1430 aperienda
1592 1375 1671 1415 est
1724 1368 2005 1431 aliquando

61 1434 222 1496 huJus
260 1428 578 1497 quaestionis
631 1435 743 1491 via,
795 1448 950 1496 quam
995 1442 1377 1498 prosequentur
1424 1435 1515 1483 alii
1561 1449 1662 1497 quo
1707 1450 1869 1498 usque
1914 1436 2007 1483 hu-

62 1516 249 1549 manae
283 1515 577 1547 concessum
612 1508 692 1546 est
724 1501 1063 1559 conjecturae.

191 1633 235 1698 ᾧ.
272 1637 315 1681 1.
381 1632 790 1694 Adjectivorum,
827 1646 960 1694 quae
992 1646 1088 1695 pro
1123 1631 1460 1679 substantivis
1498 1634 1691 1691 valent,
1728 1634 1831 1682 duo
1868 1647 2004 1696 sunt,

62 1709 120 1747 ut
151 1700 449 1748 summatim
487 1699 681 1756 dicam,
714 1713 925 1759 genera,
964 1714 1119 1745 unum
1157 1699 1416 1755 naturale,
1452 1699 1669 1747 alterum
1702 1704 2003 1763 positivum,

60 1767 329 1830 utriusque
363 1773 535 1813 autem
571 1764 767 1828 species
797 1764 992 1820 multae
1028 1764 1324 1826 variaeque,
1358 1763 1426 1811 ad
1441 1765 1837 1828 intelligendum
1863 1769 2004 1816 haud

59 1832 280 1897 perinde
331 1832 529 1880 faciles.
605 1830 978 1894 Aper-tissimus
1019 1828 1099 1878 est
1139 1831 1432 1878 intellectus
1482 1847 1688 1890 eorum,
1745 1850 1876 1896 quae
1925 1838 2010 1891 rei

60 1908 241 1948 notam
284 1887 547 1961 quandam
596 1899 866 1947 continent
910 1898 1042 1946 nulli
1083 1897 1175 1945 alii
1216 1897 1294 1945 rei
1338 1899 1758 1957 convenientem,
1818 1915 2002 1964 squa-

62 1967 290 2029 miger,
345 1965 623 2027 laniger
636 1965 701 2027 ¹),
751 1965 1065 2022 volucris,
1112 1961 1406 2027 πτερωτός,
1456 1963 1806 2030 χειμάρρους,
1861 1969 2001 2031 quod

115 2194 158 2247 1)
198 2193 250 2235 In
271 2190 472 2235 Maximi
483 2160 688 2241 Cataroh.
707 2204 749 2233 v.
770 2193 866 2233 327.
898 2206 950 2244 7ν
977 2190 1062 2242 μέι
1096 2188 1150 2245 ε”η
1182 2189 1361 2231 πιινδῖα
1391 2191 1487 2242 μετ’
1517 2187 1751 2231 εὖσκόπω
1774 2191 1998 2246 ἆονειοῑο,

199 2246 482 2290 scribendum
501 2255 569 2288 est
590 2244 796 2286 crinciunt
798 2275 812 2295 ‚
832 2246 949 2301 quod
967 2245 1197 2299 epitheton
1220 2260 1276 2287 ne
1297 2248 1397 2299 quis
1417 2248 1600 2287 miretur
1627 2246 1682 2287 ad
1701 2248 1877 2303 signum
1899 2265 1998 2293 coe-

196 2301 313 2343 leste
332 2302 584 2353 transferri,
604 2300 812 2344 similiter
825 2308 964 2356 poeta
983 2302 1039 2343 (le
1055 2301 1183 2356 Sign.
1204 2301 1398 2342 coelest.
1418 2300 1554 2346 Anth.
1573 2301 1673 2342 Lat.
1693 2302 1747 2343 L.
1768 2303 1823 2345 V.
1838 2305 1916 2358 Ep.
1926 2312 1995 2349 4ο
2066 2348 2067 2351 ¹

200 2356 571 2412 squamiferri
609 2356 822 2411 pisces,
863 2365 908 2400 et
942 2355 1162 2400 Manilius
1198 2354 1283 2399 IV.
1317 2358 1411 2398 744.
1450 2354 1678 2411 laniger
1717 2357 1774 2400 in
1815 2361 1994 2404 medio

200 2414 450 2452 sortitus
490 2413 681 2452 sidera
719 2413 934 2455 mundo.
990 2411 1144 2477 Neque
1173 2412 1259 2454 hoc
1285 2414 1426 2466 magis
1455 2412 1703 2453 mirandum
1733 2429 1862 2467 quam
1884 2420 1994 2468 quod

201 2465 408 2510 Oceanus
428 2465 536 2509 deus
568 2463 834 2522 ἀψόῤῥοος,
864 2464 1022 2510 Tellus
1050 2466 1247 2522 μέλαινα
1269 2465 1446 2508 dicitur.
1513 2523 1536 2567 l
1563 2524 1583 2545 ι
