2239 2885
1013 183 1348 229 ...8.-

195 317 463 385 περσικαί,
498 318 583 366 vel
615 314 930 381 σχισταίῑῑ),
966 318 1112 365 nullo
1147 316 1330 367 addito
1366 318 1635 367 vocabulo·
1659 319 1798 384 quod
1828 300 2147 375 intellectum

190 391 401 451 ,iuvaret
430 384 893 449 (quemadmodum
927 384 991 431 in'
1020 384 1213 433 tabulis
1237 385 1747 450 publicatorumfieri
1768 390 1922 451 solet)
1954 398 2149 449 tamen,
2220 404 2234 432 τ

2195 0 2239 98 Ξ

2206 96 2239 317 {z

2213 318 2239 397 i

201 455 327 518 quid
356 454 756 514 significaretur,
809 451 935 497 sciri
974 453 1207 512 potuisse
1253 452 1494 499 arbitror.
1537 451 1751 516 .Nequev
1792 453 2021 505 diffiteor
2053 457 2152 505 hoc
2218 440 2239 524 ξ

198 521 503 586 plerumque
540 517 748 579 cognitu
780 516 1090 579 perdifficile
1128 532 1268 575 esse,
1304 518 1456 566 nobis
1493 518 1731 581 quidem,
1769 522 1858 582 qui
1893 522 2153 582 ejusmodi
2225 526 2239 564 ἲ

199 586 455 634 vocabula
488 585 546 631 in
577 589 813 631 veterum
849 584 1055 645 scriptis
1091 598 1206 630 cum
1243 584 1361 630 aliis
1394 585 1471 630 ita
1500 589 1758 632 sscontexta
1794 587 2154 646 legimusq‘ml‘t
2223 609 2239 647 'j

239 652 329 698 uid
370 649 762 713 unumquidque
811 662 907 712 pro
949 663 1007 695 se
1055 649 1229 711 ipsum
1276 648 1474 707 valeat,
1526 655 1650 698 'raro
1694 647 1920 712 judicari
1970 655 2152 715 possit.

202 669 309 766 ged
339 716 480 765 idem
516 717 580 764 ab
617 716 712 762 hac
742 715 1049 776 quaestione
1086 723 1289 770 remota
1311 714 1483 762 habeo
1518 718 1744 778 primum
1763 718 1997 777 'omnias
2019 723 2151 782 quae
2224 746 2239 758 ιι

198 785 305 842 rei,
351 797 503 846 quam
535 782 853 844 significant,
899 780 985 829 vel
1018 781 1170 830 unice
1203 781 1290 829 vel
1321 780 1525 829 eximie
1548 784 1890 842 conveniunt,
1936 785 1968 832 ὅ
2002 785 2153 848 περί-
2232 795 2239 843 ζ

202 868 421 913 :ru-epos,
475 847 768 911 ἐωςφόρος,
825 849 859 909 ἦ
900 846 1144 913 τριήρης,
1197 846 1608 911 ἐννεάκρουνος,
1667 846 1845 906 δεξιοί,
1899 851 2152 914 pluvia,

204 916 529 974 suasoria,
573 915 786 976 bijugi
832 922 953 973 etc.,
1005 930 1064 963 ac
1105 915 1270 965 multo
1310 916 1473 978 magis
1508 914 1853 964 humanarum
1891 918 2155 966 actionum

204 984 461 1032 vocabula
510 981 772 1047 γεωργός,
827 979 1057 1046 κυνηγός
1110 989 1202 1030 etc.
1253 988 1364 1029 tum
1415 983 1660 1029 locorum.
1698 989 1768 1029 et.
1801 981 2155 1042 aedificiorum

205 1051 502 1098 urbicorum
542 1049 760 1095 nomina
793 1047 1078 1095 domestico
1114 1048 1373 1109 cujusque.
1406 1049 1580 1108 ¹gentis
1631 1062 1729 1094 usu
1767 1049 1926 1105 trita,
1974 1049 2155 1097 alieni-
2231 1054 2239 1105 ‘j

206 1118 357 1177 genis
394 1117 600 1176 ignota,
659 1114 691 1174 ἦ
740 1112 982 1175 ποικίλη,
1034 1113 1068 1174 ἦ
1108 1111 1412 1175 βασίλειος,
1464 1112 1700 1176 Appia,
1746 1113 2155 1175 Trigemina,
2234 1108 2239 1155 ἶ

205 1182 471 1238 Novae,
499 1178 799 1236 Veteres,
851 1182 1146 1242 postremo
1174 1194 1236 1226 ea
1282 1187 1500 1242 quorum
1534 1181 1681 1226 notio
1717 1179 1878 1226 verbo
1914 1175 2159 1230 definitur
2236 1175 2239 1200 ³

208 1250 320 1295 sive
350 1247 480 1305 solo,
515 1252 575 1293 ut
604 1246 663 1292 fit
697 1245 752 1292 in
789 1246 1169 1294 constructione
1200 1246 1561 1306 etymologica,
1599 1243 1828 1306 δικάσας
1857 1246 2010 1306 μίαν,
2046 1249 2158 1295 sive
2237 1247 2239 1295 i

208 1315 458 1375 adjectivi
490 1313 662 1359 forma
689 1313 909 1374 *propria
944 1311 1148 1372 adjuto,
1196 1310 1359 1374 ἄλλην
1394 1310 1612 1374 βαδίζω
1607 1346 1640 1371 .›
1675 1309 1892 1360 κόπτων
1923 1312 2158 1377 ἀμφοτέ-

209 1398 354 1445 ραις,
413 1378 563 1426 ἒπινε
593 1375 788 1437 πολύν,
839 1378 930 1425 ubi
963 1377 1125 1425 verbo
1159 1379 1305 1426 notio
1337 1380 1597 1440 potulenti
1632 1379 1952 1436 continetur,
1996 1394 2158 1440 genus

207 1456 382 1493 autem
416 1445 663 1504 adjectivi
695 1445 1068 1500 masculinum,
1104 1444 1256 1507 quale
1293 1444 1361 1491 sit
1393 1442 1549 1501 illud,
1599 1438 1840 1492 declarat.
1909 1444 2014 1492 Sed
2047 1461 2157 1494 rem

204 1515 376 1575 ipsam
413 1506 698 1572 aggrediar.

349 1645 392 1708 ξ.
430 1651 476 1693 2.
544 1645 733 1691 Latina
766 1643 985 1690 nomina
1020 1654 1152 1703 quae
1193 1642 1370 1700 attuli,
1419 1642 1637 1704 picea,
1694 1642 1947 1700 laurea,
1995 1644 2159 1693 afri-

211 1727 370 1761 cana
406 1721 499 1758 etc.
544 1711 828 1758 manifesto
863 1709 1094 1756 retinent
1124 1722 1285 1769 genus
1320 1709 1712 1770 grammaticum
1742 1710 1972 1760 nominis
2008 1726 2161 1773 gene-

208 1779 335 1828 ralis
368 1778 587 1834 arbor,
624 1777 794 1833 fera,
835 1789 1018 1835 graeca
1052 1782 1226 1821 autem
1263 1776 1465 1821 nullum
1499 1774 1756 1834 ejusmodi
1790 1775 2161 1836 adminiculum

115 1877 130 1881 --
208 1846 407 1893 habent
441 1843 536 1891 sed
571 1843 902 1906 appellantur
937 1855 998 1887 eo
1028 1854 1244 1901 genere,
1282 1854 1383 1903 quo
1419 1847 1588 1901 terrae
1622 1841 1794 1888 foetus
1830 1850 1882 1888 et
1915 1844 2163 1891 animalia

209 1913 459 1976 pleraque
498 1909 753 1971 appellari
784 1907 979 1972 solent,
1025 1906 1153 1955 haec
1180 1907 1491 1965 masculino,
1524 1907 1606 1970 illi
1640 1907 1911 1971 feminino.
1980 1908 2164 1973 Itaque

211 1978 298 2025 vel
329 1977 426 2024 hac
458 1982 587 2022 nota
623 1974 1012 2035 distinguuntur
1047 1988 1079 2020 a
1115 1966 1715 2034 nominibu'sj‘edu'lium,
1760 1975 1952 2036 partim
1989 1989 2020 2022 a
2049 1983 2164 2023 'ma-

212 2045 344 2091 teria
380 2043 565 2099 ductis,
603 2038 788 2105 ἀλλᾶς,
828 2037 1056 2102 ἄζυμος,
1095 2037 1319 2102 ἄμυλος,
1342 2039 1664 2102 ,aveo-moth,
1702 2044 2003 2101 σησαμοῦς,
2038 2059 2165 2105 καρ-

215 2109 390 2171 δάμη,
434 2111 609 2172 φακῆ,
661 2109 905 2169 σησαμῆ,
950 2104 1277 2170 θριδακίνη,
1323 2105 1606 2172 κεγχρίνη,
1658 2105 1915 2171 κριθαία,
1972 2109 2165 2171 partim

2134 2190 2167 2222 a

243 2337 312 2388 11)
352 2333 479 2375 Haec
505 2340 555 2374 ut
582 2330 764 2375 facilius
795 2315 1158 2386 intelligerentur
1187 2329 1322 2371 etiam
1348 2330 1393 2371 si
1420 2327 1518 2371 sola
1538 2311 1736 2382 starent,
1772 2328 1965 2372 fortasse
1997 2329 2169 2385 aliquid

352 2386 543 2432 contulit
563 2399 774 2431 numerus
796 2384 1002 2441 pluralis,
1022 2399 1108 2440 quo
1130 2383 1350 2440 ejusmodi
1369 2386 1551 2426 nomina
1571 2384 1785 2440 appellari
1807 2383 1969 2437 solent,
1999 2383 2167 2437 ἁπλαῖ,

352 2445 567 2494 βλαῦται,
591 2440 831 2494 βαυκίὸες,
853 2437 1190 2494 πηλοπατίδες,
1211 2436 1527 2493 περιβαρίδες,
1548 2435 1835 2496 ἀναξυρίδες
1862 2447 1944 2481 etc.
