2239 2885
0 175 30 474 ξ

7 689 23 749 5

2 751 17 768 a

87 515 119 548 a
163 496 333 545 forma
375 487 460 535 vel
499 499 530 533 a
572 481 730 531 modo
767 472 1099 529 conficiendi,
1154 469 1399 534 ἔγχυτος,
1460 455 1765 525 μυττωτός,
1817 451 2035 510 ναστός,

89 555 368 623 στρεπτός,
404 548 661 617 ψαιστός,
698 541 898 605 πακτή,
927 534 1192 598 παλυντή,
1226 532 1429 593 πᾶστη,
1472 524 1692 591 τριπτή,
1737 521 1910 586 φύστη
1945 521 2034 582 ¹²),

90 620 299 692 φώκτή,
348 626 562 681 pasta,
608 618 820 660 tract-a
862 614 956 654 etc.
1007 617 1138 666 quae
1171 601 1344 648 varias
1380 596 1576 658 species
1612 590 1903 651 significant
1939 587 2039 642 rei,

92 694 176 743 eui
210 689 482 737 commune
515 692 709 728 nomen
741 682 819 723 est
852 672 1012 736 ἄρτος
1048 676 1099 715 et
1126 666 1299 731 μᾶζα,
1336 675 1553 723 eamque
1587 655 1791 718 generis
1828 665 2037 700 causam

90 749 298 806 habent.
366 750 467 797 His
503 745 745 805 subjungi
778 745 999 803 possunt
1023 733 1281 782 vocabula
1294 729 1527 793 pellium,
1566 723 1749 784 ἀρκτῆ,
1786 717 2039 781 παρδαλῆ

93 831 186 872 etc.
221 831 352 883 quae
384 814 580 879 pariter
608 809 677 859 ad
710 812 905 857 certum
940 798 1323 851 substantivum
1358 793 1657 843 referuntur
1692 783 1849 850 δορά,
1881 784 2038 846 vulgo

93 887 266 937 omitti
295 883 532 937 solitum,
586 878 708 940 quia
744 876 871 920 haec
903 884 1025 933 pars
1055 866 1286 928 corporis
1320 859 1626 907 animalium
1662 863 1716 901 et
1750 854 1920 915 prima
1953 850 2042 896 ad-

96 958 273 1018 spectu
307 956 359 995 et
391 946 459 995 ad
492 959 641 992 usum
676 937 1064 1003 appositissima
1094 940 1173 980 est
1206 929 1261 991 ¹³)
1309 943 1369 975 ac
1410 935 1788 988 nonnunquam
1829 918 1907 964 ita
1954 915 2041 963 ob-

97 1019 361 1075 literatum
395 1019 454 1059 ut
489 1009 747 1070 adjectiva
780 1004 1069 1065 illa-ipsam
1105 999 1263 1045 etiam
1300 990 1613 1040 substantivi
1656 988 1880 1033 formam
1927 984 2046 1029 imi-
2087 981 2092 984 ’

96 1091 295 1137 tentur,
341 1079 489 1124 velut
533 1073 706 1135 ἰχθύα
743 1079 795 1117 et
829 1068 927 1128 ᾦα,
976 1067 1040 1113 de
1077 1079 1177 1124 quo
1212 1060 1400 1108 Pollux
1439 1056 1529 1102 VI.
1563 1058 1643 1100 62.
1695 1050 1793 1111 τὴν
1831 1047 1892 1095 δὲ
1932 1048 2048 1095 ὥαν

100 1144 348 1212 (tunicae)
384 1138 476 1191 καὶ
511 1139 614 1188 ὄαν
646 1136 920 1201 λέγουσιν,
959 1131 1027 1179 &a
1059 1128 1120 1176 δὲ
1156 1128 1400 1175 καλεῖται
1435 1118 1527 1169 καὶ
1557 1119 1590 1180 ἡ
1624 1120 1724 1164 τοῦ
1763 1113 2047 1178 προβάτου

101 1211 239 1276 dopo?
292 1218 344 1256 et
376 1209 440 1256 X.
476 1209 586 1256 180.
640 1199 753 1263 ᾠόιν
791 1198 883 1249 καὶ
925 1196 1026 1259 τὴν
1066 1189 1321 1257 μηλωτήν
1369 1185 1596 1251 ἐκάλουν
1642 1182 1773 1235 ἴσως
1818 1179 1923 1227 α’πό
1957 1184 2050 1238 τῆς

103 1279 231 1332 ὄϊος.
299 1275 471 1337 Atque
505 1272 602 1319 hoc
636 1285 702 1318 ex
734 1269 977 1315 universa
1005 1263 1100 1311 hac
1136 1255 1490 1322 disputatione
1517 1248 1743 1314 patebit,
1781 1245 2049 1294 translatis

105 1361 136 1393 a
162 1343 373 1407 proprio
423 1338 689 1386 intellectu
741 1335 798 1380 in
851 1330 994 1378 aliud
1036 1324 1303 1375 vocabulis
1335 1332 1585 1384 persaepe
1614 1316 1807 1361 factum
1847 1326 1960 1358 esse
1993 1319 2052 1358 ut

106 1408 512 1462 substantivum,
550 1403 692 1462 cujus
726 1402 783 1447 in
818 1399 988 1446 locum
1023 1391 1296 1448 cesserint,
1334 1381 1683 1435 demonstrari
1716 1385 1958 1441 nequeat.

137 1636 209 1682 12)
249 1632 323 1672 Sic
354 1628 609 1681 plerumque
635 1623 849 1665 ¹scribitur
880 1631 1040 1661 nomen
1070 1628 1161 1656 non
1190 1612 1246 1653 ad
1274 1608 1473 1664 regulam
1502 1607 1692 1653 factum3
1731 1591 1844 1644 item*
1878 1596 2053 1654 φώκτη,

249 1694 293 1726 et
322 1692 652 1733 nonnunquam-
677 1678 832 1725 πάστη
873 1688 915 1714 v.
943 1673 1162 1722 Interppr.
1192 1664 1303 1706 Poll.
1339 1663 1408 1703 v1.
1440 1664 1507 1701 56.
1537 1661 1591 1699 de
1620 1656 1839 1708 καρδάμη
1879 1656 1977 1695 dixi
2006 1656 2053 1694 in

246 1734 468 1794 Aglaoph.
497 1749 538 1787 p.
566 1734 689 1775 1076,
744 1728 838 1771 Sed
860 1723 1031 1768 ναστόν
1063 1722 1313 1777 placentam
1341 1713 1625 1772 significare,
1671 1711 1859 1752 Κάστον
1901 1706 2056 1748 urbem

251 1792 413 1837 Suidas
433 1797 586 1831 auctor
607 1794 689 1829 est.

140 1863 212 1914 13)
254 1854 581 1909 Λνθρωπηΐην
618 1850 875 1896 Herodotus
912 1845 1109 1889 hominis
1150 1848 1294 1883 cutem
1332 1836 1570 1891 appellavit
1598 1831 1675 1874 sed
1704 1831 1959 1874 detractam
1982 1827 2058 1868 vel

250 1911 583 1961 detrahendam,
623 1921 764 1961 neque
785 1904 923 1945 alium
942 1908 1169 1942 auctorem
1188 1895 1312 1942 novit
1332 1891 1495 1933 Pollux
1514 1888 1572 1930 11.
1593 1890 1634 1930 5.
1692 1885 1757 1931 Id,
1790 1898 1874 1937 quo
1896 1891 2058 1923 natura

251 1980 336 2009 nos
353 1964 550 2015 vestivit,
583 1960 729 2013 δέρμα
747 1965 947 2008 vocatur,
979 1967 1070 2004 nou
1092 1950 1221 2000 δορά,
1252 1947 1412 1988 nedum
1438 1939 1687 1994 ἀνθρωπῆ.
1720 1938 1950 1979 -Ceterum
1970 1935 2057 1976 hoc

252 2032 425 2076 quoque
453 2029 593 2074 genus
620 2015 849 2056 nominum
875 2006 1179 2052 inconstantia
1215 2015 1306 2044 nou
1333 2006 1489 2045 vacat3
1530 1993 1662 2045 ἱξάλη
1701 1992 1839 2033 multo
1878 1991 2057 2042 saepius

253 2074 466 2118 scribitur
478 2083 607 2126 quam
627 2068 777 2122 ἲξαλῆ,
796 2077 939 2119 neque
950 2076 1034 2118 ego
1058 2060 1195 2102 mirer
1211 2058 1262 2105 ¹in
1273 2055 1451 2097 nomine
1472 2046 1674 2092 obsoleto
1695 2045 1931 2088 titubatum
1942 2057 2057 2085 esse.

253 2130 309 2173 In
327 2128 583 2171 Herodoteo
604 2122 683 2165 illo
704 2118 989 2173 ἀνθρωπηίῃ
1010 2112 1297 2157 consentiunt
1315 2108 1506 2158 codices,
1536 2103 1714 2144 variant
1734 2102 1781 2141 in
1803 2095 2058 2152 ὠμοβοέης,

258 2182 514 2235 ὥμοβοΐης,
543 2174 803 2231 ὥμοβοειής
832 2170 935 2215 v11.
953 2174 1022 2212 91.
1042 2168 1172 2225 galea
1190 2164 1320 2208 modo
1344 2161 1469 2211 κυνῆ,
1500 2156 1630 2200 modo
1664 2154 1795 2207 κυνέη
1828 2151 2057 2205 scribitur,

256 2235 450 2291 pluralia
469 2233 556 2276 sibi
575 2235 782 2273 constant
798 2229 847 2269 iu
867 2225 1004 2268 Codd.
1026 2234 1069 2265 et
1088 2223 1224 2265 Editt.
1245 2215 1480 2265 Herodoti,
1512 2210 1593 2256 τοὶς
1626 2208 1798 2261 αἰγέας,
1829 2205 1913 2253 τὰς
1936 2204 2060 2245 ἀλω-

257 2290 440 2339 πεκέας,
476 2287 557 2335 τοὶς
586 2279 964 2336 παρδαλέας,καὶ
994 2276 1218 2321 λεοντέας.
1274 2271 1374 2320 Qua
1394 2269 1569 2310 ratione
1587 2262 1873 2305 Herodianus
1895 2259 2055 2303 Philet.

258 2360 300 2397 p.
320 2341 415 2389 445.
446 2340 589 2395 ἀρνέα
610 2348 654 2380 et
673 2337 813 2380 λυκέα
841 2332 1046 2378 contrahi
1069 2337 1215 2385 neget,
1245 2337 1428 2380 prorsus
1456 2334 1546 2363 non
1566 2326 1761 2371 apparet.

904 2449 1294 2475 με

1921 2526 1925 2529 -
1959 2555 2062 2606 Sed
