2239 2885
970 100 1308 161 .-4...Ι

151 246 347 282 nomen
412 232 457 278 si
516 245 785 294 nunquam
835 232 1053 292 junctim
1104 232 1407 295 legissemus
1445 228 1792 296 ’χειμάῤῥους
1844 236 2103 295 ποταμός,

151 311 331 348 tamen
360 298 478 359 ipsa
513 299 623 357 ejus
659 298 996 358 significati0‚
1045 298 1109 345 de
1145 313 1247 360 qua
1282 314 1337 345 re
1376 297 1600 354 dicatur,
1655 313 1751 345 nos
1785 299 2102 348 admoneret.

152 364 480 425 Longissime
513 377 638 409 vero
676 378 706 409 a
736 363 963 409 naturali
997 364 1267 411 intellectu
1301 370 1499 410 remota
1534 370 1655 409 sunt
1685 380 1816 426 quae
1834 381 1928 428 pro
1948 368 2106 428 signi·

155 432 395 479 ficatione
432 443 524 475 sua
558 429 614 476 in
649 428 778 476 alias
815 436 970 490 atque
1003 430 1249 479 alias‘res
1283 428 1660 477 accommodari
1704 440 1924 491 possunt
1971 434 2109 478 solo-

159 512 259 559 que
309 495 524 541 arbitrio
586 496 997 556 nuncupantium
1061 510 1220 542 unam
1280 511 1389 542 rem
1446 503 1635 543 certam
1683 496 1758 543 ita
1812 498 1961 558 quasi
2011 512 2110 544 usu

160 569 417 625 ceperunt,
453 567 526 618 ut,
563 561 607 607 si
640 560 876 607 absolute
907 570 1187 621 ponantur,
1225 562 1358 608 hanc
1392 563 1565 622 potius
1596 577 1748 623 quam
1770 562 1925 609 aliam
1946 578 2107 624 quan-

163 642 359 689 cunque
407 626 723 687 significent‚
775 627 920 672 velut
961 628 1006 672 si
1051 628 1208 688 piscis
1256 627 1466 688 quidam
1501 626 1871 690 καλλιώνυμος
1907 627 2107 676 dicitur.
2167 662 2173 666 =

167 691 306 749 Quae
340 699 512 739 autem
546 693 604 737 in
641 690 816 738 medio
853 692 1122 754 utriusque
1151 694 1354 753 generis
1392 692 1640 739 collocata
1673 702 1794 739 sunt
1828 701 1981 754 atquc
2016 709 2110 740 no-

161 768 268 812 tam
307 758 514 820 quidem
548 758 625 804 rei
657 758 948 805 naturalem
985 759 1255 809 continent
1286 772 1382 804 nec
1417 765 1592 804 tamen
1626 759 1827 819 privam
1862 760 1910 824 ei
1941 773 2111 821 neque
2157 780 2163 783 “

157 826 236 870 ita
270 825 326 869 in
361 831 572 885 promtu
609 824 833 884 positam
873 832 931 868 ut
963 822 1027 869 ab
1080 823 1322 870 omnibus
1365 824 1535 885 prima
1575 825 1744 885 specie
1790 833 2136 884 agnoscatur„

161 904 343 941 eorum
378 890 694 935 intellectum
731 890 881 949 plura
919 887 1188 947 adjuvant,
1223 890 1450 950 primum
1486 889 1686 935 formae
1722 888 1975 950 quaedam
1991 903 2112 951 pro-

158 956 386 1018 prietas,
441 954 503 1000 de
547 969 648 1016 quo
697 969 822 1000 mox
867 952 1086 1013 dicetur3
1140 962 1251 1001 tum
1281 953 1440 1016 ‘quod
1488 955 1700 1015 omnino
1734 955 1909 1016 'pauca
1939 971 2111 1002 rerum

162 1036 354 1082 genera
389 1035 551 1081 eaque
586 1020 814 1066 maxime
850 1020 1074 1067 celebria
1107 1020 1206 1067 hoc
1239 1020 1397 1067 modo
1435 1021 1715 1082 signantur.
1765 1020 1845 1067 Ita
1874 1022 2113 1082 regiones

162 1088 249 1134 vel
286 1087 349 1134 ab
381 1086 565 1133 incolis
603 1086 1007 1133 denominantur
1046 1086 1408 1150 (Λακωνική)
1456 1088 1541 1134 vel
1575 1086 1638 1133 ab
1674 1086 1801 1133 urbe
1837 1088 2116 1149 principali

168 1150 533 1215 (Αντανδρία)
565 1154 649 1199 vel
678 1168 707 1199 a
726 1153 1066 1214 proventibus
1087 1155 1257 1199 aliave
1276 1153 1595 1215 proprietate
1616 1153 1713 1199 soli
1748 1153 2114 1213 (Πιτυοῦσσα)

166 1221 249 1266 vel
285 1234 460 1266 rursus
494 1219 695 1266 incolae
731 1227 782 1266 et
818 1219 958 1281 quod
998 1221 1214 1281 quisque
1253 1220 1394 1266 locus
1443 1220 1692 1266 eximium
1736 1219 1894 1265 habet
1936 1235 1967 1266 a
2000 1221 2114 1266 loco

170 1295 220 1331 et
255 1286 533 1342 natalibus,
569 1283 875 1346 Κορίνθιος
907 1286 946 1345 ²)
985 1281 1269 1348 πράμνιος,
1309 1283 1502 1343 θασία,
1539 1283 1772 1346 κιμωλία
1805 1286 1874 1348 ³),
1909 1285 2114 1349 θαψία,

169 1353 403 1406 carica,
454 1367 717 1407 caunea‚
767 1351 1087 1397 abellana.
1155 1351 1521 1406 Animalium,-
1555 1365 1773 1410 quorum
1820 1365 1941 1397 usus
1977 1365 2115 1398 sum-

168 1433 281 1464 mus
316 1418 606 1478 notitiaquc
642 1415 881 1461 omnibus
920 1417 1207 1460 communis
1243 1423 1344 1471 est,
1379 1415 1596 1481 nomina
1632 1414 1958 1463 substantiva
1976 1425 2113 1473 sunt,

223 1644 267 1697 2)
307 1643 408 1687 Hoc
447 1651 492 1685 et
531 1651 679 1685 cetera
708 1641 942 1698 gentilicia
971 1642 1012 1683 si
1043 1641 1141 1694 quis
1170 1640 1392 1687 audiverit
1421 1639 1543 1682 nullo
1565 1640 1667 1683 dum
1687 1640 1776 1683 alio
1797 1641 1932 1696 verbo
1954 1643 2117 1699 addito,

307 1700 434 1752 prius
455 1699 508 1739 de
528 1697 785 1739 hominibus
808 1712 937 1750 quam
958 1697 1010 1737 de
1029 1695 1124 1737 ulla
1142 1695 1232 1736 alia
1253 1710 1300 1736 re
1322 1695 1562 1750 cogitabit,
1602 1697 1714 1749 quia·
1733 1696 1844 1748 haec
1872 1697 2002 1739 nobis
2021 1698 2120 1739 ubi-

311 1767 396 1807 que
417 1753 613 1794 occurrit
632 1753 771 1793 notio.
830 1752 919 1801 Sed
945 1749 1118 1796 θάσιος
1149 1750 1201 1791 de
1220 1751 1324 1791 vino
1346 1751 1460 1802 dici,
1491 1755 1660 1801 σάμιος
1691 1751 1744 1791 de
1759 1751 1993 1804 placenta,
2027 1766 2120 1793 non

307 1816 458 1861 potest
478 1806 676 1861 intelligi
696 1807 786 1847 nisi
805 1806 967 1846 additis
990 1804 1209 1860 eJ'usmodi
1235 1803 1411 1857 verbis,
1451 1817 1562 1858 quae
1588 1803 1744 1847 harum
1774 1820 1923 1848 rerum
1953 1808 2122 1860 cogita-

310 1864 481 1904 tionem
510 1862 559 1902 in
587 1862 735 1903 animo
768 1861 989 1908 excitent3
1031 1874 1115 1913 quo
1145 1859 1413 1901 adminiculo
1444 1872 1554 1913 opus
1583 1872 1672 1901 non
1701 1859 1837 1902 habet
1873 1859 2120 1915 πράμνιος,

312 1919 418 1971 quia
438 1930 465 1957 a
483 1916 677 1958 Pramno
698 1914 815 1957 nihil
835 1915 1144 1957 denominatur
1172 1923 1348 1969 praeter
1375 1915 1541 1958 vinum.
1608 1915 1767 1956 Θασιά
1798 1914 2000 1966 ῥαφανίς
2030 1929 2121 1957 non

311 1970 530 2026 ignobilis
549 1971 637 2012 fuit
657 1971 736 2012 sed
757 1969 952 2011 nobilior
980 1971 1135 2010 θασιά
1168 1972 1311 2023 ἅλμη,
1351 1984 1486 2024 quare
1504 1969 1590 2011 hoc
1610 1983 1770 2011 nomen
1790 1968 1974 2013 facilius
1993 1984 2123 2023 quam

312 2026 426 2068 illud
447 2027 594 2068 omitti
612 2027 772 2079 potuit.
838 2025 910 2066 Ex
930 2023 1097 2066 duabus
1116 2024 1249 2067 rebus
1271 2038 1379 2078 quas
1409 2038 1571 2067 nomen
1601 2024 1804 2076 καόμεία
1836 2024 2123 2077 comprehen-

316 2081 395 2134 dit,
433 2090 535 2123 utra
554 2079 850 2137 significetur,
890 2081 1188 2121 tantummodo
1211 2094 1234 2122 e
1251 2079 1488 2122 verborum
1508 2086 1720 2131 contextu
1738 2081 1934 2134 perspici
1953 2087 2121 2134 potest3

319 2150 568 2190 quanquam
588 2136 758 2180 cadmia
778 2133 893 2190 apud
912 2135 1227 2178 Dioscoridem
1248 2143 1503 2177 constanter
1523 2134 1734 2176 scribitur
1754 2135 1947 2186 καόμία.

233 2192 276 2245 3)
316 2191 391 2232 Sic
431 2194 565 2233 etiam
606 2192 755 2241 σαμιά
795 2190 999 2231 absolute
1036 2199 1221 2233 vocatur
1258 2190 1467 2232 Dioscor.
1503 2189 1615 2242 Eup.
1637 2187 1704 2246 711.
1733 2190 1831 2230 152-
1854 2202 1897 2241 p.
1919 2190 2023 2229 332.
2054 2188 2122 2242 ed.

319 2244 550 2302 Sprengel.
607 2244 695 2288 Sed
714 2244 853 2287 multo
875 2246 1052 2299 saepius
1075 2248 1127 2296 γῆ
1151 2244 1325 2296 σαμία,
1364 2247 1417 2297 γῆ
1437 2244 1545 2295 χιά,
1586 2244 1640 2295 γῆ
1663 2242 1954 2291 σελινουσιά,
1984 2241 2124 2291 vatia

320 2297 464 2353 ἀκόνη
496 2309 579 2342 etc.
618 2314 760 2355 neque
791 2309 920 2343 extra
951 2299 1188 2354 seplasiam
1211 2307 1256 2341 et
1273 2299 1546 2342 medicorum
1566 2297 1775 2344 tabernas
1795 2295 1906 2338 haec
1925 2298 2122 2346 nomina,

323 2368 435 2408 quae
446 2356 591 2398 minus
603 2357 709 2397 trita
722 2364 826 2397 sunt
836 2369 964 2409 quam
986 2355 1203 2407 κιμωλιά,
1225 2356 1390 2397 omisso
1403 2353 1681 2397 substantivo
1693 2359 1904 2406 usurpata
1914 2351 2122 2395 arbitror.

2222 802 2239 928 ἒ

2226 926 2239 1021 3

2232 1113 2239 1124 1
